<?xml version='1.0' encoding='utf-8'?>
<record xmlns="http://www.loc.gov/MARC21/slim" xmlns:xsi="http://www.w3.org/2001/XMLSchema-instance" xsi:schemaLocation="http://www.loc.gov/MARC21/slim http://www.loc.gov/standards/marcxml/schema/MARC21slim.xsd">
  <leader>00000npca 2200313za 4500</leader>
  <controlfield tag="005">20150629104423.0</controlfield>
  <controlfield tag="008">980430i19691997miu                 eng d</controlfield>
  <datafield tag="035" ind1=" " ind2=" ">
    <subfield code="a">(OCoLC)ocm83951066</subfield>
  </datafield>
  <datafield tag="040" ind1=" " ind2=" ">
    <subfield code="a">MiU-H</subfield>
    <subfield code="c">MiU-H</subfield>
    <subfield code="e">appm</subfield>
  </datafield>
  <datafield tag="110" ind1="2" ind2=" ">
    <subfield code="a">Latin Americans for Social and Economic Development.</subfield>
  </datafield>
  <datafield tag="245" ind1="1" ind2="0">
    <subfield code="a">Latin Americans for Social and Economic Development records,</subfield>
    <subfield code="f">1969-1997.</subfield>
  </datafield>
  <datafield tag="300" ind1=" " ind2=" ">
    <subfield code="a">1.5 linear ft. in 2 boxes.</subfield>
  </datafield>
  <datafield tag="545" ind1="1" ind2=" ">
    <subfield code="a">Latin Americans for Social and Economic Development (LA SED) is a social service organization which serves the Latino community of Detroit, particularly the heavily Latino neighborhoods of Southwest Detroit.</subfield>
    <subfield code="b">The organization's acronym also means "the thirst" in Spanish, and is usually written and pronounced as two words. LA SED was founded in 1969 through the cooperative efforts of community leaders, union officials, and the Catholic Archdiocese of Detroit.</subfield>
  </datafield>
  <datafield tag="545" ind1=" " ind2=" ">
    <subfield code="b">Since then, LA SED has provided a wide variety of bilingual services to its constituent community, including advocacy, information services, referrals, and translation. The organization also operates two special centers. The LA SED Youth Center provides counseling and advocacy services, youth employment programs, and recreational activities for young people. The LA SED Senior Citizen's Center provides social services for the elderly.</subfield>
  </datafield>
  <datafield tag="545" ind1=" " ind2=" ">
    <subfield code="b">LA SED is funded by United Community Services, the City of Detroit, individual donors, and private foundations.</subfield>
  </datafield>
  <datafield tag="520" ind1=" " ind2=" ">
    <subfield code="a">The LA SED collection consists of material accumulated by Lucy Gajec, a member of the LA SED board of directors. The records, primarily official documents, rather than personal correspondence, are divided into four series. The Chronological (1969-1997) series contains correspondence, memos, event publicity, legal and financial documents, and clippings concerning LA SED.</subfield>
  </datafield>
  <datafield tag="520" ind1=" " ind2=" ">
    <subfield code="a">The Topical Files (1971-1974) contain correspondence, memos, and printed material concerning a variety of subjects relevant to the activities and operation of LA SED. The Publications series contains one folder of miscellaneous pamphlets and programs about LA SED, and one folder of programs from the organization's Annual Recognition Luncheons (1969-1997). The Photograph series consists of one photograph of Lucy Gajec.</subfield>
  </datafield>
  <datafield tag="555" ind1="0" ind2=" ">
    <subfield code="a">Finding aid in the library.</subfield>
  </datafield>
  <datafield tag="555" ind1="0" ind2=" ">
    <subfield code="a">Finding aid available via World Wide Web at URL: http://quod.lib.umich.edu/cgi/f/findaid/findaid-idx?c=bhlead&amp;idno=umich-bhl-9816</subfield>
  </datafield>
  <datafield tag="500" ind1=" " ind2=" ">
    <subfield code="a">Donor: 8528</subfield>
  </datafield>
  <datafield tag="610" ind1="2" ind2="0">
    <subfield code="a">Latin Americans for Social and Economic Development.</subfield>
  </datafield>
  <datafield tag="650" ind1=" " ind2="0">
    <subfield code="a">Hispanic Americans</subfield>
    <subfield code="z">Michigan</subfield>
    <subfield code="z">Detroit.</subfield>
  </datafield>
  <datafield tag="651" ind1=" " ind2="0">
    <subfield code="a">Detroit (Mich.)</subfield>
  </datafield>
  <datafield tag="852" ind1=" " ind2=" ">
    <subfield code="b">Bentley Historical Library,</subfield>
    <subfield code="a">University of Michigan,</subfield>
    <subfield code="e">Ann Arbor, Michigan 48109-2113</subfield>
  </datafield>
  <datafield tag="856" ind1="4" ind2="2">
    <subfield code="3">Finding aid:</subfield>
    <subfield code="u">http://quod.lib.umich.edu/cgi/f/findaid/findaid-idx?c=bhlead&amp;idno=umich-bhl-9816</subfield>
  </datafield>
  <datafield tag="997" ind1=" " ind2=" ">
    <subfield code="a">MARS</subfield>
  </datafield>
  <datafield tag="998" ind1=" " ind2=" ">
    <subfield code="c">TEP</subfield>
  </datafield>
</record>
